@inproceedings{chon2012automatically,
  title={Automatically characterizing places with opportunistic crowdsensing using smartphones},
  author={Chon, Yohan and Lane, Nicholas D and Li, Fan and Cha, Hojung and Zhao, Feng},
  booktitle={Proceedings of the 2012 ACM Conference on Ubiquitous Computing},
  pages={481--490},
  year={2012},
  organization={ACM}
}
@article{markov2009note,
  title={Note: Maximum Likelihood Estimation for Markov Chains},
  author={Shalizi, Cosma},
  year={2009},
  month = jan,
  url = {http://www.stat.cmu.edu/~cshalizi/462/lectures/06/markov-mle.pdf}
}
@inproceedings{varshavsky2005gsm,
  title={Are GSM phones THE solution for localization?},
  author={Varshavsky, Alex and Chen, Mike Y and de Lara, Eyal and Froehlich,
    Jon and Haehnel, Dirk and Hightower, Jeffrey and LaMarca, Anthony and
    Potter, Fred and Sohn, Timothy and Tang, Karen and others},
  booktitle={Mobile Computing Systems and Applications, 2006. WMCSA'06.
    Proceedings. 7th IEEE Workshop on},
  pages={34--42},
  year={2005},
  organization={IEEE}
}
@article{harle2013survey,
  author={Harle, Robert},
  journal={Communications Surveys Tutorials, IEEE},
  title={A Survey of Indoor Inertial Positioning Systems for Pedestrians},
  year={2013},
  month={Third},
  volume={15},
  number={3},
  pages={1281-1293},
  keywords={inertial navigation;particle filtering (numerical
    methods);position control;sensors;smart phones;target tracking;PDR
    sensing devices;PDR systems;Pedestrian Dead Reckoning;absolute position
    fixes;domain-specific knowledge;hybrid systems;indoor inertial
    positioning systems;indoor tracking;particle
    filters;smartphones;taxonomy;Dead
    reckoning;Legged locomotion;Navigation;Sensor systems;Wearable
    computers;Dead Reckoning;Inertial
    Navigation;Particle Filters;Wearable Computers},
  doi={10.1109/SURV.2012.121912.00075},
  ISSN={1553-877X},
}
@phdthesis{woodman2010pedestrian,
  title = {{Pedestrian Localisation for Indoor Environments}},
  author = {Oliver Woodman},
  year = {2010},
  month = sep, school = {University of Cambridge, Computer Laboratory},
  url = {https://www.cl.cam.ac.uk/research/dtg/www/files/publications/public/abr28/ojw28_thesis.pdf},
  owner = {Bogdan Roman (abr28)},
  note = {PhD Thesis}
}
@inproceedings{rai2012zee,
  title={Zee: zero-effort crowdsourcing for indoor localization},
  author={Rai, Anshul and Chintalapudi, Krishna Kant and Padmanabhan, Venkata N
    and Sen, Rijurekha},
  booktitle={Proceedings of the 18th annual international conference on Mobile
    computing and networking},
  pages={293--304},
  year={2012},
  organization={ACM}
}
@inproceedings{li2012reliable,
  title={A reliable and accurate indoor localization method using phone
    inertial sensors},
  author={Li, Fan and Zhao, Chunshui and Ding, Guanzhong and
    Gong, Jian and Liu, Chenxing and Zhao, Feng},
  booktitle={Proceedings of the 2012 ACM Conference on Ubiquitous Computing},
  pages={421--430},
  year={2012},
  organization={ACM}
}
@article{evennou2006advanced,
  title={Advanced integration of WiFi and inertial navigation systems for
    indoor mobile positioning},
  author={Evennou, Fr{\'e}d{\'e}ric and Marx, Fran{\c{c}}ois},
  journal={Eurasip journal on applied signal processing},
  volume={2006},
  pages={164--164},
  year={2006},
  publisher={Hindawi Publishing Corp.}
}
@book{groves2013principles,
  title={Principles of GNSS, inertial, and multisensor integrated navigation
    systems},
  author={Groves, Paul D},
  year={2013},
  publisher={Artech House}
}
@article{leppakoski2013pedestrian,
  title={Pedestrian navigation based on inertial sensors, indoor map, and WLAN
    signals},
  author={Lepp{\"a}koski, Helena and Collin, Jussi and Takala, Jarmo},
  journal={Journal of Signal Processing Systems},
  volume={71},
  number={3},
  pages={287--296},
  year={2013},
  publisher={Springer}
}
@incollection{woodman2009rf,
  title={RF-based initialisation for inertial pedestrian tracking},
  author={Woodman, Oliver and Harle, Robert},
  booktitle={Pervasive Computing},
  pages={238--255},
  year={2009},
  publisher={Springer}
}
@inproceedings{kunze2009way,
  title={Which way am I facing: Inferring horizontal device orientation from an
    accelerometer signal},
  author={Kunze, Kai and Lukowicz, Paul and Partridge, Kurt and Begole, Bo},
  booktitle={Wearable Computers, 2009. ISWC'09. International Symposium on},
  pages={149--150},
  year={2009},
  organization={IEEE}
}
@inproceedings{stirling2003innovative,
  title={An innovative shoe-mounted pedestrian navigation system},
  author={Stirling, Ross and Collin, Jussi and Fyfe, Ken and Lachapelle,
    G{\'e}rard},
  booktitle={Proceedings of European navigation conference GNSS},
  pages={110--5},
  year={2003}
}
@inproceedings{steinhoff2010dead,
  title={Dead reckoning from the pocket-an experimental study},
  author={Steinhoff, Ulrich and Schiele, Bernt},
  booktitle={Pervasive Computing and Communications (PerCom), 2010 IEEE
    International Conference on},
  pages={162--170},
  year={2010},
  organization={IEEE}
}
@article{wang2012unsupervised,
  title={Unsupervised indoor localization},
  author={Wang, He and Sen, Souvik and Elgohary, Ahmed and Farid, Moustafa and
    Youssef, Moustafa and Choudhury, Romit Roy},
  journal={MobiSys. ACM},
  year={2012}
}
@inproceedings{renaudin2013adaptative,
  title={Adaptative pedestrian displacement estimation with a smartphone},
  author={Renaudin, Valerie and Demeule, Vincent and Ortiz, Miguel},
  booktitle={International Conference on Indoor Positioning and Indoor Navigation},
  volume={28},
  pages={31th},
  year={2013}
}
@inproceedings{madgwick2011estimation,
  title={Estimation of IMU and MARG orientation using a gradient descent
    algorithm},
  author={Madgwick, Sebastian OH and Harrison, Andrew JL and Vaidyanathan,
    Ravi},
  booktitle={Rehabilitation Robotics (ICORR), 2011 IEEE International Conference
    on},
  pages={1--7},
  year={2011},
  organization={IEEE}
}
@phdthesis{mautz2012indoor,
  title={Indoor positioning technologies},
  author={Mautz, Rainer},
  year={2012},
  school={Habil. ETH Z{\"u}rich, 2012}
}
@inproceedings{faragher2012opportunistic,
  title={Opportunistic radio SLAM for indoor navigation using smartphone sensors},
  author={Faragher, RM and Sarno, C and Newman, M},
  booktitle={Position Location and Navigation Symposium (PLANS), 2012 IEEE/ION},
  pages={120--128},
  year={2012},
  organization={IEEE}
}
@book{sand2014positioning,
  title={Positioning in Wireless Communications Systems},
  author={Sand, S. and Dammann, A. and Mensing, C.},
  isbn={9781118694091},
  url={http://books.google.fi/books?id=kCDnAgAAQBAJ},
  year={2014},
  publisher={Wiley}
}
@inproceedings{zhu2012improving,
  title={Improving crowd-sourced wi-fi localization systems using bluetooth
    beacons},
  author={Zhu, Jindan and Zeng, Kai and Kim, Kyu-Han and Mohapatra, Prasant},
  booktitle={Sensor, Mesh and Ad Hoc Communications and Networks (SECON), 2012
    9th Annual IEEE Communications Society Conference on},
  pages={290--298},
  year={2012},
  organization={IEEE}
}
